%YAML 1.1
%TAG !u! tag:unity3d.com,2011:
--- !u!1 &131508
GameObject:
  m_ObjectHideFlags: 0
  m_PrefabParentObject: {fileID: 0}
  m_PrefabInternal: {fileID: 100100000}
  serializedVersion: 4
  m_Component:
  - 4: {fileID: 468750}
  - 54: {fileID: 5424506}
  - 114: {fileID: 11473914}
  - 114: {fileID: 11427152}
  - 82: {fileID: 8230496}
  m_Layer: 0
  m_Name: Player
  m_TagString: Untagged
  m_Icon: {fileID: 0}
  m_NavMeshLayer: 0
  m_StaticEditorFlags: 0
  m_IsActive: 1
--- !u!1 &167488
GameObject:
  m_ObjectHideFlags: 0
  m_PrefabParentObject: {fileID: 0}
  m_PrefabInternal: {fileID: 100100000}
  serializedVersion: 4
  m_Component:
  - 4: {fileID: 405486}
  - 33: {fileID: 3340996}
  - 65: {fileID: 6581522}
  - 23: {fileID: 2316062}
  - 114: {fileID: 11430138}
  m_Layer: 0
  m_Name: Body
  m_TagString: Untagged
  m_Icon: {fileID: 0}
  m_NavMeshLayer: 0
  m_StaticEditorFlags: 0
  m_IsActive: 1
--- !u!4 &405486
Transform:
  m_ObjectHideFlags: 1
  m_PrefabParentObject: {fileID: 0}
  m_PrefabInternal: {fileID: 100100000}
  m_GameObject: {fileID: 167488}
  m_LocalRotation: {x: 0, y: 0, z: 0, w: 1}
  m_LocalPosition: {x: 0, y: .25, z: 0}
  m_LocalScale: {x: .5, y: .5, z: .5}
  m_Children: []
  m_Father: {fileID: 468750}
  m_RootOrder: 0
--- !u!4 &468750
Transform:
  m_ObjectHideFlags: 1
  m_PrefabParentObject: {fileID: 0}
  m_PrefabInternal: {fileID: 100100000}
  m_GameObject: {fileID: 131508}
  m_LocalRotation: {x: 0, y: 0, z: 0, w: 1}
  m_LocalPosition: {x: 0, y: 0, z: 0}
  m_LocalScale: {x: 1, y: 1, z: 1}
  m_Children:
  - {fileID: 405486}
  m_Father: {fileID: 0}
  m_RootOrder: 0
--- !u!23 &2316062
MeshRenderer:
  m_ObjectHideFlags: 1
  m_PrefabParentObject: {fileID: 0}
  m_PrefabInternal: {fileID: 100100000}
  m_GameObject: {fileID: 167488}
  m_Enabled: 1
  m_CastShadows: 1
  m_ReceiveShadows: 1
  m_Materials:
  - {fileID: 2100000, guid: ec8ace03c1525c54ca5898e7cd25c77b, type: 2}
  m_SubsetIndices: 
  m_StaticBatchRoot: {fileID: 0}
  m_UseLightProbes: 1
  m_ReflectionProbeUsage: 1
  m_ProbeAnchor: {fileID: 0}
  m_ScaleInLightmap: 1
  m_PreserveUVs: 1
  m_ImportantGI: 0
  m_AutoUVMaxDistance: .5
  m_AutoUVMaxAngle: 89
  m_LightmapParameters: {fileID: 0}
  m_SortingLayerID: 0
  m_SortingOrder: 0
--- !u!33 &3340996
MeshFilter:
  m_ObjectHideFlags: 1
  m_PrefabParentObject: {fileID: 0}
  m_PrefabInternal: {fileID: 100100000}
  m_GameObject: {fileID: 167488}
  m_Mesh: {fileID: 10202, guid: 0000000000000000e000000000000000, type: 0}
--- !u!54 &5424506
Rigidbody:
  m_ObjectHideFlags: 1
  m_PrefabParentObject: {fileID: 0}
  m_PrefabInternal: {fileID: 100100000}
  m_GameObject: {fileID: 131508}
  serializedVersion: 2
  m_Mass: 1
  m_Drag: 0
  m_AngularDrag: .0500000007
  m_UseGravity: 1
  m_IsKinematic: 0
  m_Interpolate: 0
  m_Constraints: 126
  m_CollisionDetection: 0
--- !u!65 &6581522
BoxCollider:
  m_ObjectHideFlags: 1
  m_PrefabParentObject: {fileID: 0}
  m_PrefabInternal: {fileID: 100100000}
  m_GameObject: {fileID: 167488}
  m_Material: {fileID: 0}
  m_IsTrigger: 0
  m_Enabled: 1
  serializedVersion: 2
  m_Size: {x: 1, y: 1, z: 1}
  m_Center: {x: 0, y: 0, z: 0}
--- !u!82 &8230496
AudioSource:
  m_ObjectHideFlags: 1
  m_PrefabParentObject: {fileID: 0}
  m_PrefabInternal: {fileID: 100100000}
  m_GameObject: {fileID: 131508}
  m_Enabled: 1
  serializedVersion: 4
  OutputAudioMixerGroup: {fileID: 0}
  m_audioClip: {fileID: 0}
  m_PlayOnAwake: 0
  m_Volume: 1
  m_Pitch: 1
  Loop: 0
  Mute: 0
  Spatialize: 0
  Priority: 128
  DopplerLevel: 1
  MinDistance: 1
  MaxDistance: 500
  Pan2D: 0
  rolloffMode: 0
  BypassEffects: 0
  BypassListenerEffects: 0
  BypassReverbZones: 0
  rolloffCustomCurve:
    serializedVersion: 2
    m_Curve:
    - time: 0
      value: 1
      inSlope: 0
      outSlope: 0
      tangentMode: 0
    - time: 1
      value: 0
      inSlope: 0
      outSlope: 0
      tangentMode: 0
    m_PreInfinity: 2
    m_PostInfinity: 2
  panLevelCustomCurve:
    serializedVersion: 2
    m_Curve:
    - time: 0
      value: 0
      inSlope: 0
      outSlope: 0
      tangentMode: 0
    m_PreInfinity: 2
    m_PostInfinity: 2
  spreadCustomCurve:
    serializedVersion: 2
    m_Curve:
    - time: 0
      value: 0
      inSlope: 0
      outSlope: 0
      tangentMode: 0
    m_PreInfinity: 2
    m_PostInfinity: 2
  reverbZoneMixCustomCurve:
    serializedVersion: 2
    m_Curve:
    - time: 0
      value: 1
      inSlope: 0
      outSlope: 0
      tangentMode: 0
    m_PreInfinity: 2
    m_PostInfinity: 2
--- !u!114 &11427152
MonoBehaviour:
  m_ObjectHideFlags: 1
  m_PrefabParentObject: {fileID: 0}
  m_PrefabInternal: {fileID: 100100000}
  m_GameObject: {fileID: 131508}
  m_Enabled: 1
  m_EditorHideFlags: 0
  m_Script: {fileID: 11500000, guid: 2b6c215efe5d82847b39334b7337824a, type: 3}
  m_Name: 
  m_EditorClassIdentifier: 
  movementAllowedPrefab: {fileID: 173318, guid: 905b90d217f311445968dc773134e53f,
    type: 2}
  movementBlockedPrefab: {fileID: 119164, guid: 7df047d56a8d14849b7a734b163f8c01,
    type: 2}
  waterGlobePrefab: {fileID: 11475188, guid: 670fdfbba8eccb14f9293f0ba8c2c256, type: 2}
  waterSplashPrefab: {fileID: 11429090, guid: fbc45d284673b7e489a74819d7afdb1f, type: 2}
  soundEffectSource: {fileID: 8230496}
  jumpUpSound: {fileID: 8300000, guid: e91287705c605a9459cad02f8c689ef6, type: 3}
  jumpDownSound: {fileID: 8300000, guid: 3370b22663e3bf8479bbadddf0b11492, type: 3}
  pickupSound: {fileID: 8300000, guid: 5a49826ca6e162e4b96ac17a65246190, type: 3}
  growSoundEffect: {fileID: 8300000, guid: 476db78ce09900e48be7653cce851aba, type: 3}
  water: 0
--- !u!114 &11430138
MonoBehaviour:
  m_ObjectHideFlags: 1
  m_PrefabParentObject: {fileID: 0}
  m_PrefabInternal: {fileID: 100100000}
  m_GameObject: {fileID: 167488}
  m_Enabled: 1
  m_EditorHideFlags: 0
  m_Script: {fileID: -79023486, guid: 7900c757f4e9f604e99d4abb67f3f678, type: 3}
  m_Name: 
  m_EditorClassIdentifier: 
  settings:
    timeScaling: 2
    reverseClamp: 1
  weights: 02000000
  customWeight:
    stimulus: 0
    curve:
      serializedVersion: 2
      m_Curve:
      - time: 0
        value: 1
        inSlope: 0
        outSlope: 0
        tangentMode: 0
      - time: 1
        value: 1
        inSlope: 0
        outSlope: 0
        tangentMode: 0
      m_PreInfinity: 2
      m_PostInfinity: 2
  speed: 1
  rawTime: 0
  simulatedTime: 0
  strength: 1
  preset: 0
  duration: 1
  timeWrap: 1
  positionExtent: {x: 0, y: -.0500000007, z: 0}
  rotationExtent: {x: 0, y: 0, z: 0}
  scaleExtent: {x: 0, y: -.100000001, z: 0}
  previousPreset: 0
  positionOffset: {x: 0, y: 0, z: 0}
  rotationOffset: {x: 0, y: 0, z: 0, w: 1}
  scaleOffset: {x: 0, y: 0, z: 0}
--- !u!114 &11473914
MonoBehaviour:
  m_ObjectHideFlags: 1
  m_PrefabParentObject: {fileID: 0}
  m_PrefabInternal: {fileID: 100100000}
  m_GameObject: {fileID: 131508}
  m_Enabled: 1
  m_EditorHideFlags: 0
  m_Script: {fileID: 11500000, guid: 1f8454e2e2834ed4490dbc29ab9cd401, type: 3}
  m_Name: 
  m_EditorClassIdentifier: 
  movementTime: .25
  attachedStalk: {fileID: 0}
--- !u!1001 &100100000
Prefab:
  m_ObjectHideFlags: 1
  serializedVersion: 2
  m_Modification:
    m_TransformParent: {fileID: 0}
    m_Modifications:
    - target: {fileID: 0}
      propertyPath: jumpSounds.Array.size
      value: 2
      objectReference: {fileID: 0}
    - target: {fileID: 0}
      propertyPath: m_Materials.Array.data[0]
      value: 
      objectReference: {fileID: 2100000, guid: ec8ace03c1525c54ca5898e7cd25c77b, type: 2}
    - target: {fileID: 0}
      propertyPath: m_IsKinematic
      value: 0
      objectReference: {fileID: 0}
    - target: {fileID: 0}
      propertyPath: waterGlobePrefab
      value: 
      objectReference: {fileID: 11475188, guid: 670fdfbba8eccb14f9293f0ba8c2c256,
        type: 2}
    - target: {fileID: 0}
      propertyPath: weights.Array.data[0]
      value: 2
      objectReference: {fileID: 0}
    - target: {fileID: 0}
      propertyPath: timeWrap
      value: 1
      objectReference: {fileID: 0}
    - target: {fileID: 0}
      propertyPath: scaleExtent.y
      value: -.100000001
      objectReference: {fileID: 0}
    - target: {fileID: 0}
      propertyPath: positionExtent.y
      value: -.0500000007
      objectReference: {fileID: 0}
    - target: {fileID: 0}
      propertyPath: movementTime
      value: .25
      objectReference: {fileID: 0}
    - target: {fileID: 0}
      propertyPath: movementAllowedPrefab
      value: 
      objectReference: {fileID: 173318, guid: 905b90d217f311445968dc773134e53f, type: 2}
    - target: {fileID: 0}
      propertyPath: movementBlockedPrefab
      value: 
      objectReference: {fileID: 119164, guid: 7df047d56a8d14849b7a734b163f8c01, type: 2}
    - target: {fileID: 0}
      propertyPath: m_Constraints
      value: 126
      objectReference: {fileID: 0}
    - target: {fileID: 0}
      propertyPath: waterSplashPrefab
      value: 
      objectReference: {fileID: 11429090, guid: fbc45d284673b7e489a74819d7afdb1f,
        type: 2}
    - target: {fileID: 0}
      propertyPath: soundEffectSource
      value: 
      objectReference: {fileID: 8230496}
    - target: {fileID: 0}
      propertyPath: m_PlayOnAwake
      value: 0
      objectReference: {fileID: 0}
    - target: {fileID: 0}
      propertyPath: jumpSounds.Array.data[1]
      value: 
      objectReference: {fileID: 8300000, guid: e91287705c605a9459cad02f8c689ef6, type: 3}
    - target: {fileID: 0}
      propertyPath: jumpSounds.Array.data[2]
      value: 
      objectReference: {fileID: 8300000, guid: a9b8beaeb516d844784a65149dfa3565, type: 3}
    - target: {fileID: 0}
      propertyPath: jumpUpSound
      value: 
      objectReference: {fileID: 8300000, guid: e91287705c605a9459cad02f8c689ef6, type: 3}
    - target: {fileID: 0}
      propertyPath: jumpDownSound
      value: 
      objectReference: {fileID: 8300000, guid: 3370b22663e3bf8479bbadddf0b11492, type: 3}
    - target: {fileID: 0}
      propertyPath: pickupSound
      value: 
      objectReference: {fileID: 8300000, guid: 5a49826ca6e162e4b96ac17a65246190, type: 3}
    - target: {fileID: 0}
      propertyPath: growSoundEffect
      value: 
      objectReference: {fileID: 8300000, guid: 476db78ce09900e48be7653cce851aba, type: 3}
    m_RemovedComponents: []
  m_ParentPrefab: {fileID: 0}
  m_RootGameObject: {fileID: 131508}
  m_IsPrefabParent: 1
